@article{kadvschordvspastry,
  author = {Ruslan, Rafiza and Zailani, Ayu and Zukri, Hidayah and Kamarudin, Nur Khairani and Elias, Shamsul Jamel and Ahmad, R.Badlishah},
  year = {2019},
  month = {03},
  pages = {},
  title = {Routing performance of structured overlay in Distributed Hash Tables (DHT) for P2P},
  volume = {8},
  journal = {Bulletin of Electrical Engineering and Informatics},
  doi = {10.11591/eei.v8i2.1449}
}

@INPROCEEDINGS{2019AIPC.2129b0131A,
       author = {{Ariff}, Mohammad Asyraff Mohamad and {Mohamad}, Suraya and {Amran}, Ahmad Roshidi},
        title = "{A review of recent advancement in Kademlia and Chord algorithm}",
    booktitle = {5th International Conference on Green Design and Manufacture (IConGDM 2019)},
         year = 2019,
       series = {American Institute of Physics Conference Series},
       volume = {2129},
        month = jul,
          eid = {020131},
        pages = {020131},
          doi = {10.1063/1.5118139},
       adsurl = {https://ui.adsabs.harvard.edu/abs/2019AIPC.2129b0131A},
      adsnote = {Provided by the SAO/NASA Astrophysics Data System}
}

@article{compstudy,
  author = {KABRE, Lacine and Tiendrebeogo, Telesphore},
  year = {2021},
  month = {08},
  pages = {1-22},
  title = {Comparative Study of can, Pastry, Kademlia and Chord DHTS},
  volume = {12},
  journal = {International Journal of Peer to Peer Networks},
  doi = {10.5121/ijp2p.2021.12301}
}                                                                                                                                                                

@INPROCEEDINGS{ara,
  author={MyungJoo Ham and Gul Agha},
  booktitle={Fifth IEEE International Conference on Peer-to-Peer Computing (P2P'05)}, 
  title={ARA: a robust audit to prevent free-riding in P2P networks}, 
  year={2005},
  volume={},
  number={},
  pages={125-132},
  doi={10.1109/P2P.2005.2}}

@inproceedings{kademlia,
  author = {Maymounkov, Petar and Eres, David},
  year = {2002},
  month = {04},
  pages = {},
  title = {Kademlia: A Peer-to-peer Information System Based on the XOR Metric},
  volume = {2429},
  isbn = {978-3-540-44179-3},
  journal = {Kademlia: A Peer-to-peer Information System Based on the XOR Metric},
  doi = {10.1007/3-540-45748-8_5}
}
@inproceedings{pastry,
  author = {Rowstron, Antony and Druschel, Peter},
  year = {2001},
  month = {01},
  pages = {329-350},
  title = {Pastry: Scalable, Decentralized Object Location and Routing for Large-Scale Peer-to-Peer Systems},
  volume = {2218},
  journal = {Lecture Notes in Computer Science - LNCS}
}

@article{chord,
  author = {Stoica, Ion and Morris, Robert and Karger, David and Kaashoek, M. and Balakrishnan, Hari},
  year = {2001},
  month = {12},
  pages = {},
  title = {Chord: A Scalable Peer-to-Peer Lookup Service for Internet Applications},
  volume = {31},
  journal = {ACM SIGCOMM Computer Communication Review, vol. 31},
  doi = {10.1145/964723.383071}
}
@inproceedings{skademlia,
  author = {Baumgart, Ingmar and Mies, Sebastian},
  year = {2008},
  month = {01},
  pages = {1-8},
  title = {S/Kademlia: A practicable approach towards secure key-based routing},
  volume = {2},
  isbn = {978-1-4244-1889-3},
  doi = {10.1109/ICPADS.2007.4447808}
}
@article{tarzan,
  author = {Freedman, Michael and Morris, Robert},
  year = {2002},
  month = {10},
  pages = {},
  title = {Tarzan: A Peer-to-Peer Anonymizing Network Layer},
  journal = {Proceedings of the ACM Conference on Computer and Communications Security},
  doi = {10.1145/586110.586137}
}
@article{freenet,
  author = {Clarke, Ian and Sandberg, Oskar and Wiley, Brandon and Hong, Theodore},
  year = {2001},
  month = {03},
  pages = {},
  title = {Freenet: A Distributed Anonymous Information Storage and Retrieval System},
  volume = {2009},
  isbn = {978-3-540-41724-8},
  journal = {Lecture Notes in Computer Science},
  doi = {10.1007/3-540-44702-4_4}
}

@InProceedings{10.1007/978-3-540-88403-3_5,
  author="Buchmann, Johannes and Dahmen, Erik and Schneider, Michael",
  editor="Buchmann, Johannes and Ding, Jintai",
  title="Merkle Tree Traversal Revisited",
  booktitle="Post-Quantum Cryptography",
  year="2008",
  publisher="Springer Berlin Heidelberg",
  address="Berlin, Heidelberg",
  pages="63--78",
  abstract="We propose a new algorithm for computing authentication paths in the Merkle signature scheme. Compared to the best algorithm for this task, our algorithm reduces the worst case running time considerably.",
  isbn="978-3-540-88403-3"
}
