@article{kadvschordvspastry,
  author = {Ruslan, Rafiza and Zailani, Ayu and Zukri, Hidayah and Kamarudin, Nur Khairani and Elias, Shamsul Jamel and Ahmad, R.Badlishah},
  year = {2019},
  month = {03},
  pages = {},
  title = {Routing performance of structured overlay in Distributed Hash Tables (DHT) for P2P},
  volume = {8},
  journal = {Bulletin of Electrical Engineering and Informatics},
  doi = {10.11591/eei.v8i2.1449}
}

@INPROCEEDINGS{2019AIPC.2129b0131A,
       author = {{Ariff}, Mohammad Asyraff Mohamad and {Mohamad}, Suraya and {Amran}, Ahmad Roshidi},
        title = "{A review of recent advancement in Kademlia and Chord algorithm}",
    booktitle = {5th International Conference on Green Design and Manufacture (IConGDM 2019)},
         year = 2019,
       series = {American Institute of Physics Conference Series},
       volume = {2129},
        month = jul,
          eid = {020131},
        pages = {020131},
          doi = {10.1063/1.5118139},
       adsurl = {https://ui.adsabs.harvard.edu/abs/2019AIPC.2129b0131A},
      adsnote = {Provided by the SAO/NASA Astrophysics Data System}
}

@article{compstudy,
  author = {KABRE, Lacine and Tiendrebeogo, Telesphore},
  year = {2021},
  month = {08},
  pages = {1-22},
  title = {Comparative Study of can, Pastry, Kademlia and Chord DHTS},
  volume = {12},
  journal = {International Journal of Peer to Peer Networks},
  doi = {10.5121/ijp2p.2021.12301}
}                                                                                                                                                                

@INPROCEEDINGS{ara,
  author={MyungJoo Ham and Gul Agha},
  booktitle={Fifth IEEE International Conference on Peer-to-Peer Computing (P2P'05)}, 
  title={ARA: a robust audit to prevent free-riding in P2P networks}, 
  year={2005},
  volume={},
  number={},
  pages={125-132},
  doi={10.1109/P2P.2005.2}}
